@book{smith2010,
  author       = {John Smith},
  title        = {The Art of Writing},
  year         = {2010},
  publisher    = {Publisher Name},
  location     = {City},
}

@article{jones2015,
  author       = {Emily Jones},
  title        = {The Impact of Technology},
  journaltitle = {Journal of Technology},
  volume       = {25},
  number       = {2},
  pages        = {45-60},
  year         = {2015},
}

@online{doe2020,
  author       = {Jane Doe},
  title        = {Introduction to LaTeX},
  year         = {2020},
  url          = {https://example.com/latex-intro},
  urldate      = {2022-01-01},
}

@thesis{brown2018,
  author       = {Michael Brown},
  title        = {A Study on Climate Change},
  type         = {PhD thesis},
  institution  = {University of Science},
  year         = {2018},
}
